@inproceedings{liu2019soft,
  title={Soft rasterizer: A differentiable renderer for image-based 3d reasoning},
  author={Liu, Shichen and Li, Tianye and Chen, Weikai and Li, Hao},
  booktitle={Proceedings of the IEEE/CVF International Conference on Computer Vision},
  pages={7708--7717},
  year={2019}
}

@article{eisemann2004flash,
  title={Flash photography enhancement via intrinsic relighting},
  author={Eisemann, Elmar and Durand, Fr{\'e}do},
  journal={ACM transactions on graphics (TOG)},
  volume={23},
  number={3},
  pages={673--678},
  year={2004},
  publisher={ACM New York, NY, USA}
}

@article{petschnigg2004digital,
  title={Digital photography with flash and no-flash image pairs},
  author={Petschnigg, Georg and Szeliski, Richard and Agrawala, Maneesh and Cohen, Michael and Hoppe, Hugues and Toyama, Kentaro},
  journal={ACM transactions on graphics (TOG)},
  volume={23},
  number={3},
  pages={664--672},
  year={2004},
  publisher={ACM New York, NY, USA}
}

@inproceedings{moon2013robust,
  title={Robust image denoising using a virtual flash image for Monte Carlo ray tracing},
  author={Moon, Bochang and Jun, Jong Yun and Lee, JongHyeob and Kim, Kunho and Hachisuka, Toshiya and Yoon, Sung-Eui},
  booktitle={Computer Graphics Forum},
  volume={32},
  number={1},
  pages={139--151},
  year={2013},
  organization={Wiley Online Library}
}

@inproceedings{curless1996volumetric,
  title={A volumetric method for building complex models from range images},
  author={Curless, Brian and Levoy, Marc},
  booktitle={Proceedings of the 23rd annual conference on Computer graphics and interactive techniques},
  pages={303--312},
  year={1996}
}

